% Encoding: UTF-8
@book{gamma2011patterns,
  title={Entwurfsmuster: Elemente wiederverwendbarer objektorientierter Software},
  author={Gamma, E. and Johnson, R. and Helm, R. and Vlissides, J.},
  series={Programmer's choice},
  year={2011},
  publisher={Pearson Deutschland}
}
@Article{PRABEESHR2016,
  author   = {PRABEESH R K},
  title    = {Android Floating Action Button with Animations},
  year     = {2016},
  month    = {07},
  comment  = {Tutorial Video},
  keywords = {Floating Action Button Video Tutorial},
  url      = {https://www.youtube.com/watch?v=orcpzMo7igQ},
}

@Article{Tamada2013,
  author    = {Ravi Tamada},
  title     = {Android Sliding Menu using Navigation Drawer},
  journal   = {http://www.androidhive.info},
  year      = {2013},
  keywords  = {Navigation Drawer Android},
  timestamp = {2017-07-07},
  url       = {http://www.androidhive.info/2013/11/android-sliding-menu-using-navigation-drawer/},
}

@Comment{jabref-meta: databaseType:bibtex;}
