% Encoding: UTF-8

@Article{Tamada2013,
  author    = {Ravi Tamada},
  title     = {Android Sliding Menu using Navigation Drawer},
  journal   = {http://www.androidhive.info},
  year      = {2013},
  keywords  = {Navigation Drawer Android},
  timestamp = {2017-07-07},
  url       = {http://www.androidhive.info/2013/11/android-sliding-menu-using-navigation-drawer/},
}

@Article{PRABEESHR2016,
  author   = {PRABEESH R K},
  title    = {Android Floating Action Button with Animations},
  year     = {2016},
  month    = {07},
  comment  = {Tutorial Video},
  keywords = {Floating Action Button Video Tutorial},
  url      = {https://www.youtube.com/watch?v=orcpzMo7igQ},
}

@Comment{jabref-meta: databaseType:bibtex;}
